<collection xmlns="http://www.loc.gov/MARC21/slim">
<record>
  <leader>02148nam0a2200397 i 450 </leader>
  <controlfield tag="001">IT\ICCU\CNCE\010369</controlfield>
  <controlfield tag="005">20050208000000.0</controlfield>
  <datafield tag="012" ind1=" " ind2=" ">
    <subfield code="a">e-n- t,t. r-it QuTa (3) 1598 (R)</subfield>
    <subfield code="2">fei</subfield>
  </datafield>
  <datafield tag="100" ind1=" " ind2=" ">
    <subfield code="a">19970101d1598        0itac0103    ba</subfield>
  </datafield>
  <datafield tag="101" ind1=" " ind2=" ">
    <subfield code="a">LAT</subfield>
  </datafield>
  <datafield tag="102" ind1=" " ind2=" ">
    <subfield code="a">IT</subfield>
  </datafield>
  <datafield tag="200" ind1="1" ind2=" ">
    <subfield code="a">Selecta carmina ex Catullo Tibullo et Propertio</subfield>
  </datafield>
  <datafield tag="210" ind1=" " ind2=" ">
    <subfield code="a">Romae</subfield>
    <subfield code="c">ex typographia Aloysii Zannetti</subfield>
    <subfield code="d">1598</subfield>
    <subfield code="e">Romae</subfield>
    <subfield code="g">apud Aloysium Zannettum</subfield>
    <subfield code="h">1599</subfield>
  </datafield>
  <datafield tag="215" ind1=" " ind2=" ">
    <subfield code="a">152 p.</subfield>
    <subfield code="d">12ʻ</subfield>
  </datafield>
  <datafield tag="620" ind1=" " ind2=" ">
    <subfield code="a">IT</subfield>
    <subfield code="d">Roma</subfield>
  </datafield>
  <datafield tag="700" ind1=" " ind2="1">
    <subfield code="a">Catullus,</subfield>
    <subfield code="b">Gaius Valerius</subfield>
    <subfield code="3">IT\ICCU\CNCA\002843</subfield>
  </datafield>
  <datafield tag="702" ind1=" " ind2="1">
    <subfield code="a">Tibullus,</subfield>
    <subfield code="b">Albius</subfield>
    <subfield code="3">IT\ICCU\CNCA\002248</subfield>
  </datafield>
  <datafield tag="702" ind1=" " ind2="1">
    <subfield code="a">Propertius,</subfield>
    <subfield code="b">Sextus</subfield>
    <subfield code="3">IT\ICCU\CNCA\002249</subfield>
  </datafield>
  <datafield tag="712" ind1="0" ind2="0">
    <subfield code="a">Zanetti, Luigi</subfield>
    <subfield code="3">IT\ICCU\CNCT\000093</subfield>
    <subfield code="4">650</subfield>
  </datafield>
  <datafield tag="790" ind1=" " ind2="1">
    <subfield code="a">Catullus,</subfield>
    <subfield code="b">Caius Valerius</subfield>
    <subfield code="3">IT\ICCU\CNCA\020719</subfield>
    <subfield code="z">Catullus, Gaius Valerius</subfield>
  </datafield>
  <datafield tag="790" ind1=" " ind2="0">
    <subfield code="a">Tibullo</subfield>
    <subfield code="3">IT\ICCU\CNCA\024843</subfield>
    <subfield code="z">Tibullus, Albius</subfield>
  </datafield>
  <datafield tag="790" ind1=" " ind2="1">
    <subfield code="a">Tibullo,</subfield>
    <subfield code="b">Albio</subfield>
    <subfield code="3">IT\ICCU\CNCA\024844</subfield>
    <subfield code="z">Tibullus, Albius</subfield>
  </datafield>
  <datafield tag="790" ind1=" " ind2="0">
    <subfield code="a">Sextus Propertius</subfield>
    <subfield code="3">IT\ICCU\CNCA\014954</subfield>
    <subfield code="z">Propertius, Sextus</subfield>
  </datafield>
  <datafield tag="790" ind1=" " ind2="1">
    <subfield code="a">Propertius,</subfield>
    <subfield code="b">Sextus Aurelius</subfield>
    <subfield code="3">IT\ICCU\CNCA\023183</subfield>
    <subfield code="z">Propertius, Sextus</subfield>
  </datafield>
  <datafield tag="791" ind1="0" ind2="0">
    <subfield code="a">Zannetti, Luigi</subfield>
    <subfield code="3">IT\ICCU\CNCT\003872</subfield>
    <subfield code="z">Zanetti, Luigi</subfield>
  </datafield>
  <datafield tag="791" ind1="0" ind2="0">
    <subfield code="a">Zannettus, Aloysius</subfield>
    <subfield code="3">IT\ICCU\CNCT\005800</subfield>
    <subfield code="z">Zanetti, Luigi</subfield>
  </datafield>
  <datafield tag="791" ind1="0" ind2="0">
    <subfield code="a">Zanettus, Aloysius</subfield>
    <subfield code="3">IT\ICCU\CNCT\005801</subfield>
    <subfield code="z">Zanetti, Luigi</subfield>
  </datafield>
  <datafield tag="791" ind1="0" ind2="0">
    <subfield code="a">Zannetto, Luigi</subfield>
    <subfield code="3">IT\ICCU\CNCT\005802</subfield>
    <subfield code="z">Zanetti, Luigi</subfield>
  </datafield>
  <datafield tag="801" ind1=" " ind2="3">
    <subfield code="a">IT</subfield>
    <subfield code="b">ICCU</subfield>
    <subfield code="c">20201113</subfield>
  </datafield>
  <datafield tag="899" ind1=" " ind2=" ">
    <subfield code="a">Biblioteca provinciale Salvatore Tommasi. Bazzano</subfield>
    <subfield code="1">AQ0047</subfield>
    <subfield code="2">ABR PR</subfield>
  </datafield>
  <datafield tag="899" ind1=" " ind2=" ">
    <subfield code="a">Biblioteca comunale. Montepulciano</subfield>
    <subfield code="1">SI0024</subfield>
    <subfield code="2">RT1 QQ</subfield>
  </datafield>
  <datafield tag="899" ind1=" " ind2=" ">
    <subfield code="a">Biblioteca dell&apos;Accademia musicale Chigiana. Siena</subfield>
    <subfield code="1">SI0051</subfield>
    <subfield code="2">RT1 PS</subfield>
  </datafield>
  <datafield tag="911" ind1=" " ind2=" ">
    <subfield code="a">Sul front.</subfield>
    <subfield code="9">IT\ICCU\CNCM\002018</subfield>
  </datafield>
  <datafield tag="911" ind1=" " ind2=" ">
    <subfield code="a">Nel coloph.</subfield>
    <subfield code="9">IT\ICCU\CNCM\002025</subfield>
  </datafield>
  <datafield tag="921" ind1=" " ind2=" ">
    <subfield code="a">IT\ICCU\CNCM\002018</subfield>
    <subfield code="b">Monogramma di Cristo (iniziali I.H.S. sormontate da una croce, in basso cuore con tre chiodi) nell&apos;ostia radiante. In cornice figurata.</subfield>
    <subfield code="c">U588</subfield>
    <subfield code="d">Dimensioni: 3,6 x 4</subfield>
    <subfield code="f">MONOGRAMM</subfield>
    <subfield code="f">IHS</subfield>
    <subfield code="f">CUORE</subfield>
    <subfield code="g">1584-1600</subfield>
  </datafield>
  <datafield tag="921" ind1=" " ind2=" ">
    <subfield code="a">IT\ICCU\CNCM\002025</subfield>
    <subfield code="b">Monogramma di Cristo (iniziali I.H.S. sormontate da croce) nell&apos;ostia radiante. In basso tre chiodi.</subfield>
    <subfield code="c">U595</subfield>
    <subfield code="d">Dimensioni: 3,4 x 4,4</subfield>
    <subfield code="f">MONOGRAMM</subfield>
    <subfield code="f">CHIODI</subfield>
    <subfield code="f">IHS</subfield>
    <subfield code="g">1598-1599</subfield>
  </datafield>
</record>
</collection>
